<?xml version="1.0" encoding="UTF-8"?><record xmlns="http://www.loc.gov/MARC21/slim" xmlns:cinclude="http://apache.org/cocoon/include/1.0" xmlns:zs="http://www.loc.gov/zing/srw/">
  <leader>00392nz  a2200121n  4500</leader>
  <controlfield tag="001">nr 94022528 </controlfield>
  <controlfield tag="003">DLC</controlfield>
  <controlfield tag="005">19940709061406.1</controlfield>
  <controlfield tag="008">940708n| acannaab|          |n ana      </controlfield>
  <datafield tag="010" ind1=" " ind2=" ">
    <subfield code="a">nr 94022528 </subfield>
  </datafield>
  <datafield tag="040" ind1=" " ind2=" ">
    <subfield code="a">DLC-R</subfield>
    <subfield code="c">DLC-R</subfield>
  </datafield>
  <datafield tag="110" ind1="2" ind2="0">
    <subfield code="a">Zenkoku Torihikijo Dōmei Rengōkai.</subfield>
    <subfield code="b">Beikokubu</subfield>
  </datafield>
  <datafield tag="670" ind1=" " ind2=" ">
    <subfield code="a">Beikokuhō ni kansuru sankō shiryō, 1928:</subfield>
    <subfield code="b">t.p. (Zenkoku Torihikijo Dōmei Rengōkai Beikokubu)</subfield>
  </datafield>
</record>